@Misc{troonredes,
OPTauthor = {Herko Coomans, Pieter C.  Lagas.},
OPTtitle = {www.troonredes.nl},
}
